@preamble{ "\newcommand{\noopsort}[1]{} "
	# "\newcommand{\printfirst}[2]{#1} "
	# "\newcommand{\singleletter}[1]{#1} "
	# "\newcommand{\switchargs}[2]{#2#1} " }

@article{clanok,
    title = 	{Názov článku z časopisu},
    author =	{X. Autor1 and Y. Autor2},
    journal = {Názov časopisu, ktorý článok uverejnil},
    volume = {4},
    number = {3},
    year = {1900},
    pages = {1-100},
}

@Book{kniha,
    author ={X. Autor1 and Y. Autor2},
    title =        {Názov knihy},
    publisher =    {Vydavateľstvo},
    year =         {1900},
}


@techreport{technical_report,
    author =	{X. Autor1 and Y. Autor2},
    title= {Názov technickej správy},
    year={June 1999},
    institution = {Inštitút vydávajúci správu},
    number = {TR123/1999}
}

@inproceedings{clanok_na_konferencii,
    author =	{X. Autor1 and Y. Autor2},
    title = {Názov článku (väčšinou z konferencie)},
    booktitle = {Názov zborníka (väčšinou názov konferencie spolu s ročníkom)},
    year = {1900},
    pages = {1-100},
    publisher = {Vydavateľstvo},
}    
    
@misc{smernica,
 title={Vnútorný predpis č. 7/2018, {Ú}plné znenie vnútorného predpisu
 č. 12/2013 {S}mernice rektora {U}niverzity {K}omenského v
 {B}ratislave o základných náležitostiach záverečných
 prác, rigoróznych prác a habilitačných prác, kontrole
 ich originality, uchovávaní a sprístupňovaní na
 {U}niverzite {K}omenského v {B}ratislave v znení dodatku
 č. 1 a dodatku č. 2 Smernica rektora {U}niverzity
 {K}omenského v {B}ratislave o základných
 náležitostiach záverečných prác, rigoróznych prác a
 habilitačných prác, kontrole ich originality,
 uchovávaní a sprístupňovaní na {U}niverzite
 {K}omenského v {B}ratislave},
 author={{Univerzita Komenského v Bratislave}},
 year={2013},
 note={[Citované 2020-10-19] Dostupné z \url{https://uniba.sk/fileadmin/ruk/legislativa/2018/Vp_2018_07.pdf}},
}

@Book{Oetiker2000,
  author = 	 {Tobias Oetiker and Hubert Partl and Irene Hyna and Elisabeth Schlegl},
  title = 	 {Nie príliš stručný úvod do systému {LaTeX2e}},
  year = 	 {2002},
  note = {Preklad Ján Buša ml. a st}
}

@inproceedings{pasternak2017tips,
  title={Tips for creating a block language with blockly},
  author={Pasternak, Erik and Fenichel, Rachel and Marshall, Andrew N},
  booktitle={2017 IEEE Blocks and Beyond Workshop (B\&B)},
  pages={21--24},
  year={2017},
  organization={IEEE}
}


% WEBPAGES
@misc{OttoDIY,
  title = {Otto {DIY}},
  howpublished = {\url{https://www.ottodiy.com/about}},
  note = {[Citované 2021-01-13]}
}

@misc{OttoBlockly,
  title = {Otto {B}lockly},
  howpublished = {\url{https://github.com/OttoDIY/blockly}},
  note = {[Citované 2021-01-14]}
}

@misc{ArduinoConcept,
  title = {What is {A}rduino?},
  howpublished = {\url{https://www.arduino.cc/en/Guide/Introduction}},
  note = {[Citované 2021-01-14]}
}

@misc{ArduinoNanoSpecification,
  title = {Arduino {N}ano},
  howpublished = {\url{https://store.arduino.cc/arduino-nano}},
  note = {[Citované 2021-01-14]}
}

@misc{ArduinoLanguage,
  title = {Arduino language reference},
  howpublished = {\url{https://www.arduino.cc/reference/en/}},
  note = {[Citované 2021-01-14]}
}

% 1. uvod, IT akademia, fablab BA

@misc{Fablab,
  title = {Fablab},
  howpublished = {\url{https://fabfoundation.org/getting-started/}},
  note = {[Citované 2021-02-22]}
}

@misc{FablabVedeckyParkUK,
  title = {Vo vedeckom parku oslávil Fablab svoje 2. výročie},
  howpublished = {\url{https://cusp.uniba.sk/detail-aktuality/back_to_page/uvp/article/vo-vedeckom-parku-oslavila-kreativna-dielna-fablab-svoje-2-vyrocie}},
  note = {[Citované 2021-02-22]}
}

@misc{FablabDTDT,
  title = {Denný tábor digitálnych technológií - Fablab Bratislava},
  howpublished = {\url{https://www.fablab.sk/podujatia/denne-tabory/}},
  note = {[Citované 2021-02-22]}
}

@misc{CVTISR,
  title = {Centrum vedecko-technických informácií SR},
  howpublished = {\url{https://www.cvtisr.sk/o-cvti-sr/zakladne-informacie.html?page_id=409}},
  note = {[Citované 2021-02-20]}
}

@misc{CVTISR-ITAkademia,
  title = {Centrum vedecko-technických informácií SR - projek IT Akadémia},
  howpublished = {\url{https://www.cvtisr.sk/cvti-sr-vedecka-kniznica/projekty/narodne-projekty/it-akademia-vzdelavanie-pre-21.-storocie/it-akademia-vzdelavanie-pre-21.-storocie.html?page_id=34856}},
  note = {[Citované 2021-02-20]}
}

@misc{ITAkademia,
  title = {IT Akadémia},
  howpublished = {\url{http://itakademia.sk/zakladne-informacie}},
  note = {[Citované 2021-02-22]}
}

